@article{Jurgenson:2007td,
      author         = "Jurgenson, E. D. and Bogner, S. K. and Furnstahl, R. J.
                        and Perry, R. J.",
      title          = "{Decoupling in the Similarity Renormalization Group for
                        Nucleon-Nucleon Forces}",
      journal        = "Phys. Rev.",
      volume         = "C78",
      year           = "2008",
      pages          = "014003",
      doi            = "10.1103/PhysRevC.78.014003",
      eprint         = "0711.4252",
      archivePrefix  = "arXiv",
      primaryClass   = "nucl-th",
      SLACcitation   = "%%CITATION = ARXIV:0711.4252;%%"
}

@article{Hergert:2015awm,
      author         = "Hergert, H. and Bogner, S. K. and Morris, T. D. and
                        Schwenk, A. and Tsukiyama, K.",
      title          = "{The In-Medium Similarity Renormalization Group: A Novel
                        Ab Initio Method for Nuclei}",
      journal        = "Phys. Rept.",
      volume         = "621",
      year           = "2016",
      pages          = "165-222",
      doi            = "10.1016/j.physrep.2015.12.007",
      eprint         = "1512.06956",
      archivePrefix  = "arXiv",
      primaryClass   = "nucl-th",
      SLACcitation   = "%%CITATION = ARXIV:1512.06956;%%"
}


@article{Jurgenson:2008jp,
      author         = "Jurgenson, E. D. and Furnstahl, R. J.",
      title          = "{Similarity Renormalization Group Evolution of Many-Body
                        Forces in a One-Dimensional Model}",
      journal        = "Nucl. Phys.",
      volume         = "A818",
      year           = "2009",
      pages          = "152-173",
      doi            = "10.1016/j.nuclphysa.2008.12.007",
      eprint         = "0809.4199",
      archivePrefix  = "arXiv",
      primaryClass   = "nucl-th",
      SLACcitation   = "%%CITATION = ARXIV:0809.4199;%%"
}

@article{Dicaire:2014fra,
      author         = "Dicaire, Nuiok M. and Omand, Conor and Navratil, Petr",
      title          = "{Alternative similarity renormalization group generators
                        in nuclear structure calculations}",
      journal        = "Phys. Rev.",
      volume         = "C90",
      year           = "2014",
      number         = "3",
      pages          = "034302",
      doi            = "10.1103/PhysRevC.90.034302",
      eprint         = "1406.1815",
      archivePrefix  = "arXiv",
      primaryClass   = "nucl-th",
      SLACcitation   = "%%CITATION = ARXIV:1406.1815;%%"
}

@article{Alexandrou:1988jg,
      author         = "Alexandrou, C. and Myczkowski, J. and Negele, John W.",
      title          = "{Comparison of mean-field and exact Monte Carlo solutions
                        of a one-dimensional nuclear model}",
      journal        = "Phys. Rev.",
      volume         = "C39",
      year           = "1989",
      pages          = "1076-1087",
      doi            = "10.1103/PhysRevC.39.1076",
      reportNumber   = "MIT-CTP-1627",
      SLACcitation   = "%%CITATION = PHRVA,C39,1076;%%"
}

@article{aprahamian2015reaching,
  title={Reaching for the horizon: The 2015 long range plan for nuclear science},
  author={Aprahamian, Ani and Lapi, Suzanne and Mantica, Paul and Fatemi, Renee and Velkovska, Julia and Wilkerson, John and Filippone, Bradley and Cirigliano, Vincenzo and Schukraft, Jurgen and Ji, Xiangdong and others},
  year={2015}
}

@inproceedings{bollen2010frib,
  title={FRIBâ€”Facility for rare isotope beams},
  author={Bollen, G},
  booktitle={AIP Conference Proceedings},
  volume={1224},
  number={1},
  pages={432--441},
  year={2010},
  organization={AIP}
}

@article{abbott2017gw170817,
  title={GW170817: observation of gravitational waves from a binary neutron star inspiral},
  author={Abbott, Benjamin P and Abbott, Rich and Abbott, TD and Acernese, Fausto and Ackley, Kendall and Adams, Carl and Adams, Thomas and Addesso, Paolo and Adhikari, RX and Adya, VB and others},
  journal={Physical Review Letters},
  volume={119},
  number={16},
  pages={161101},
  year={2017},
  publisher={APS}
}

@article{DellOro:2016tmg,
      author         = "Dell'Oro, Stefano and Marcocci, Simone and Viel, Matteo
                        and Vissani, Francesco",
      title          = "{Neutrinoless double beta decay: 2015 review}",
      journal        = "Adv. High Energy Phys.",
      volume         = "2016",
      year           = "2016",
      pages          = "2162659",
      doi            = "10.1155/2016/2162659",
      eprint         = "1601.07512",
      archivePrefix  = "arXiv",
      primaryClass   = "hep-ph",
      SLACcitation   = "%%CITATION = ARXIV:1601.07512;%%"
}

@misc{Top500,
  title = "Top500 Supercomputer Sites",
  howpublished = {\url{https://www.top500.org/}},
  note = {Accessed: 2018-04-03}
}

@misc{semver,
	title = "Semantic Versioning 2.0.0",
	howpublished = {\url{https://semver.org/}},
	note = {Accessed: 2018-04-03}
}

@Misc{English,
	title = "English Paper",
	author = "Strong Bad",
	howpublished = "\url{http://www.homestarrunner.com/sbemail64.html}"
}

@Misc{SciPy,
  author =    {Eric Jones and Travis Oliphant and Pearu Peterson and others},
  title =     {{SciPy}: Open source scientific tools for {Python}},
  year =      {2001--},
  url = "http://www.scipy.org/",
  note = {Accessed: 2018-04-03}
}

@article{oliphant2007python,
  title={{Python} for scientific computing},
  author={Oliphant, Travis E},
  journal={Computing in Science \& Engineering},
  volume={9},
  number={3},
  year={2007},
  publisher={IEEE}
}

@article{behnel2011cython,
  title={Cython: The best of both worlds},
  author={Behnel, Stefan and Bradshaw, Robert and Citro, Craig and Dalcin, Lisandro and Seljebotn, Dag Sverre and Smith, Kurt},
  journal={Computing in Science \& Engineering},
  volume={13},
  number={2},
  pages={31--39},
  year={2011},
  publisher={IEEE}
}

@Misc{PythonGrowth,
  author={David Robinson},
  title={The Incredible Growth of {Python}},
  howpublished="\url{https://stackoverflow.blog/2017/09/06/incredible-growth-python/}",
  note = {Accessed: 2018-04-03}
}

@Misc{Python2EOL,
  author={Benjamin Peterson},
  title={PEP 373 -- {Python} 2.7 Release Schedule},
  howpublished="\url{https://www.python.org/dev/peps/pep-0373/}",
  note = {Accessed: 2018-04-03}
}

@Misc{cProfile,
  title={27.4 The {Python} Profilers},
  howpublished="\url{https://docs.python.org/3/library/profile.html}",
  note = {Accessed: 2018-04-03}
}

@Misc{consentingAdults,
  author={Karl Fast},
  title={[Tutor] What is "pythonic"?},
  howpublished="\url{https://mail.python.org/pipermail/tutor/2003-October/025932.html}",
  note = {Accessed: 2018-04-03}
}

@Misc{scipyODE,
  title={scipy.integrate.ode},
  howpublished="\url{https://docs.scipy.org/doc/scipy-0.14.0/reference/generated/scipy.integrate.ode.html}",
  note = {Accessed: 2018-04-03}
}

@book{hairer2008solving,
  title={Solving Ordinary Differential Equations I: Nonstiff Problems},
  author={Hairer, E. and N{\o}rsett, S.P. and Wanner, G.},
  isbn={9783540566700},
  lccn={86031456},
  series={Springer Series in Computational Mathematics},
  url={https://books.google.com/books?id=F93u7VcSRyYC},
  year={2008},
  publisher={Springer Berlin Heidelberg}
}

@article{hindmarsh1983odepack,
  title={ODEPACK, a systematized collection of ODE solvers},
  author={Hindmarsh, Alan C},
  journal={Scientific computing},
  pages={55--64},
  year={1983},
  publisher={North-Holland}
}

@Misc{PythonDevelopersSurvey,
  title={{Python} Developers Survey 2017 Results},
  howpublished="\url{https://www.jetbrains.com/research/python-developers-survey-2017/}",
  note = {Accessed: 2018-04-03}
}

@book{oliphant2006guide,
  title={A Guide to NumPy},
  author={Oliphant, T.E.},
  url={https://books.google.com/books?id=fKulSgAACAAJ},
  year={2006},
  publisher={Trelgol Publishing}
}

@Misc{pypi,
  title={{PyPI} - The {Python} Package Index},
  howpublished="\url{https://pypi.org/}",
  note = {Accessed: 2018-04-03}
}

@Misc{unittest,
  title={26.4. unittest - Unit testing framework},
  howpublished="\url{https://docs.python.org/3/library/unittest.html}",
  note = {Accessed: 2018-04-03}
}

@Misc{nose,
  title={Note to Users - nose 1.3.7 documentation},
  howpublished="\url{http://nose.readthedocs.io/en/latest/}",
  note = {Accessed: 2018-04-03}
}

@article{Bogner:2009bt,
      author         = "Bogner, S. K. and Furnstahl, R. J. and Schwenk, A.",
      title          = "{From low-momentum interactions to nuclear structure}",
      journal        = "Prog. Part. Nucl. Phys.",
      volume         = "65",
      year           = "2010",
      pages          = "94-147",
      doi            = "10.1016/j.ppnp.2010.03.001",
      eprint         = "0912.3688",
      archivePrefix  = "arXiv",
      primaryClass   = "nucl-th",
      SLACcitation   = "%%CITATION = ARXIV:0912.3688;%%"
}

@article{Machleidt:2011zz,
      author         = "Machleidt, R. and Entem, D. R.",
      title          = "{Chiral effective field theory and nuclear forces}",
      journal        = "Phys. Rept.",
      volume         = "503",
      year           = "2011",
      pages          = "1-75",
      doi            = "10.1016/j.physrep.2011.02.001",
      eprint         = "1105.2919",
      archivePrefix  = "arXiv",
      primaryClass   = "nucl-th",
      SLACcitation   = "%%CITATION = ARXIV:1105.2919;%%"
}

@article{Epelbaum:2008ga,
      author         = "Epelbaum, Evgeny and Hammer, Hans-Werner and Meissner,
                        Ulf-G.",
      title          = "{Modern Theory of Nuclear Forces}",
      journal        = "Rev. Mod. Phys.",
      volume         = "81",
      year           = "2009",
      pages          = "1773-1825",
      doi            = "10.1103/RevModPhys.81.1773",
      eprint         = "0811.1338",
      archivePrefix  = "arXiv",
      primaryClass   = "nucl-th",
      reportNumber   = "HISKP-TH-08-18, FZJ-IKP-TH-2008-20",
      SLACcitation   = "%%CITATION = ARXIV:0811.1338;%%"
}

@article{Barrett:2013nh,
      author         = "Barrett, Bruce R. and Navratil, Petr and Vary, James P.",
      title          = "{Ab initio no core shell model}",
      journal        = "Prog. Part. Nucl. Phys.",
      volume         = "69",
      year           = "2013",
      pages          = "131-181",
      doi            = "10.1016/j.ppnp.2012.10.003",
      SLACcitation   = "%%CITATION = PPNPD,69,131;%%"
}

@book{streater2000pct,
  title={PCT, Spin and Statistics, and All that},
  author={Streater, R.F. and Wightman, A.S.},
  isbn={9780691070629},
  lccn={89006626},
  series={Landmarks in Physics},
  url={https://books.google.com/books?id=uFNwSEQ25hEC},
  year={2000},
  publisher={Princeton University Press}
}

@book{glÃ¶ckle1983quantum,
  title={The quantum mechanical few-body problem},
  author={Gl{\"o}ckle, W.},
  isbn={9783540125877},
  lccn={lc83010325},
  series={Texts and monographs in physics},
  url={https://books.google.com/books?id=0yGCAAAAIAAJ},
  year={1983},
  publisher={Springer-Verlag}
}
